<?xml version="1.0" encoding="UTF-8"?><collection xmlns="http://www.loc.gov/MARC21/slim"><record><leader>00419nam--2200157-i-4500</leader><controlfield tag="001">000005546</controlfield><controlfield tag="002">20161230</controlfield><controlfield tag="005">20170114000016</controlfield><controlfield tag="008">060222s1000------------r-----000-0-eng-d</controlfield><datafield ind1=" " ind2=" " tag="100"><subfield code="a">Bickel, C. L</subfield></datafield><datafield ind1=" " ind2=" " tag="245"><subfield code="a">Physics and chemistry. A unified approach. Book I</subfield></datafield><datafield ind1=" " ind2=" " tag="260"><subfield code="a">New York</subfield><subfield code="b">D.Van Nostrand Co,Inc</subfield><subfield code="c">1960</subfield></datafield><datafield ind1=" " ind2=" " tag="300"><subfield code="a">XI+374 p</subfield></datafield><datafield ind1=" " ind2=" " tag="700"><subfield code="a">Little, Paul Edward</subfield></datafield><datafield ind1=" " ind2=" " tag="852"><subfield code="a">16466</subfield></datafield><datafield ind1=" " ind2=" " tag="CAT"><subfield code="a">SYS</subfield><subfield code="c">20170114</subfield><subfield code="h">000016</subfield></datafield></record></collection>